<?xml version="1.0" encoding="UTF-8"?><collection xmlns="http://www.loc.gov/MARC21/slim"><record><leader>00405nam--2200157-i-4500</leader><controlfield tag="001">000010738</controlfield><controlfield tag="002">20161230</controlfield><controlfield tag="005">20170107164254</controlfield><controlfield tag="008">060222s1000------------r-----000-0-eng-d</controlfield><datafield ind1=" " ind2=" " tag="100"><subfield code="a">Borodi, Attila</subfield></datafield><datafield ind1=" " ind2=" " tag="245"><subfield code="a">The applications of molecular distillation</subfield></datafield><datafield ind1=" " ind2=" " tag="260"><subfield code="a">Budapest</subfield><subfield code="b">Akad©♭miai Kiad©đ</subfield><subfield code="c">1971</subfield></datafield><datafield ind1=" " ind2=" " tag="300"><subfield code="a">210 p</subfield></datafield><datafield ind1=" " ind2=" " tag="700"><subfield code="a">Holl©đ, J©Łnos</subfield></datafield><datafield ind1=" " ind2=" " tag="852"><subfield code="a">66.048.4</subfield></datafield><datafield ind1=" " ind2=" " tag="CAT"><subfield code="a">SYS</subfield><subfield code="c">20170107</subfield><subfield code="h">164254</subfield></datafield></record></collection>